@article{Bothe_Richardson_2011,
  title = {Statistical, Practical, Clinical, and Personal Significance: Definitions and Applications in Speech-Language Pathology},
  doi = {},
  language = {en},
  author = {Bothe, A.K., Richardson, J.D.},
  journal = {{A}merican {J}ournal of {S}peech-{L}anguage {P}athology},
  volume = {20}, 
  number = {},
  year = {2011},
  pages = {233-242},
}



@article{Fan_2001,
  title = {Statistical Significance and Effect size in Education Research: two sides of a coin},
  doi = {10.1080/00220670109598763},
  language = {en},
  author = {Fan, X.},
  journal = {{J}ournal of {E}ducational {R}esearch},
  volume = {94}, 
  number = {5},
  year = {2001},
  pages = {275-282},
}

@article{Glass_et_al_1972,
  title = {Consequences of failure to meet assumptions underlying the fixed effects analyses of variance and covariance},
  doi={10.3102/00346543042003237}, 
  language = {en},
  author = {Glass, G. V. and Peckham, P. D. and Sanders, J. R.},
  journal = {Review of Educational Research},
  volume = {42},
  number = {3},  
  year = {1972},
  pages = {237-288},
}

@article{Henson_Smith_2000,
  title = {{S}tate of the art in statistical significance and effect size reporting: {A} review of the {APA} task force report and current trends},
  doi = {},
  language = {en},
  author = {Henson, R.I., Smith, A.D.},
  journal = {{J}ournal of {R}esearch and {D}evelopment in {E}ducation},
  volume = {33}, 
  number = {4},
  year = {2000},
  pages = {285-296},
}

@article{Jazaieri_et_al_2013,
  title = {Enhancing compassion: A randomized controlled trial of a compassion cultivation training program},
  doi = {},
  language = {en},
  author = {Jazaieri, H., Jinpa, G. T., McGonigal, K., Rosenberg, E. L., Finkelstein, J., Simon-Thomas, E.,Cullen, M., Doty, J.R., Gross, J.J., Goldin, P.R. },
  journal = {Journal of Happiness Studies},
  volume = {14}, 
  number = {4},
  year = {2013},
  pages = {},
}


, ... & Goldin, P. R. (2013)


@article{Kostou_et_al_2016,
  title = {Self-Compassion Scale (SCS): Psychometric properties of the French translation and its relations with psychological well-being, affect and depression},
  doi = {10.1371/journal.pone.0152880},
  language = {en},
  author = {Kotsou, I., Leys, C.},
  journal = {{P}loS {o}ne},
  volume = {11}, 
  number = {4},
  year = {2016},
  pages = {},
}

@article{McBride_et_al_1993,
  title = {What Do Significance Tests Really Tell Us About the Environment? },
  doi = {},
  language = {en},
  author = {McBride, G.B., Loftis, J.C., Adkins, N.C.},
  journal = {{E}nvironmental {M}anagement},
  volume = {17}, 
  number = {4},
  year = {1993},
  pages = {423-432},
}

@article{Meehl_1990,
  title = {{A}ppraising and amending theories: {T}he Strategy of {L}akatosian defense and two principles that warrant it},
  doi = {},
  language = {en},
  author = {Meehl, P.E.},
  journal = {{P}sychological {I}nquiry},
  volume = {1}, 
  number = {2},
  year = {1990},
  pages = {108-141},
}

@article{Neff_2003,
  title = {The development and validation of a scale to measure self-compassion},
  doi = {10.1080/15298860309027},
  language = {en},
  author = {Neff, K.D.},
  journal = {Self and identity},
  volume = {2}, 
  number = {3},
  year = {2003},
  pages = {223-250},
}

@article{Prentice_Miller_1992,
  title = {When Small Effects Are Impressive},
  doi = {},
  language = {en},
  author = {Prentice,D.A., Miller, D.T.},
  journal = {{P}sychological {B}ulletin},
  volume = {112}, 
  number = {1},
  year = {1990},
  pages = {160-164},
}

@article{Steyn_2000,
  title = {Practical significance of the difference in means},
  doi = {},
  language = {en},
  author = {Steyn, H.S.},
  journal = {{J}ournal of {I}ndustrial {P}sychology},
  volume = {26}, 
  number = {3},
  year = {2000},
  pages = {1-3},
}

@article{Stout_Ruble_1995,
  title = {Assessing the practical signficance of empirical results in accounting education research: the use of effect size information},
  doi = {},
  language = {en},
  author = {Stout, D.D., Ruble, T.L.},
  journal = {{J}ournal of {A}ccounting {E}ducation},
  volume = {13}, 
  number = {3},
  year = {1995},
  pages = {281-298},
}

@book{Hays_1963,
  address = {New York},
  edition = {Holt, Rinehart & Winston},
  title = {Statistics for psychologists},
  author = {Hays, W.L.},
  year = {1963},
}

